
@article{dicke1946measurement,
  title={The measurement of thermal radiation at microwave frequencies},
  author={Dicke, Robert Henry},
  journal={Review of scientific instruments},
  volume={17},
  number={7},
  pages={268--275},
  year={1946},
  publisher={American Institute of Physics}
}

@article{kendall1970two,
  title={Two blackbody radiometers of high accuracy},
  author={Kendall, JM and Berdahl, C Martin},
  journal={Applied Optics},
  volume={9},
  number={5},
  pages={1082--1091},
  year={1970},
  publisher={Optica Publishing Group}
}

@article{sapritsky1995black,
  title={Black-body radiometry},
  author={Sapritsky, VI},
  journal={Metrologia},
  volume={32},
  number={6},
  pages={411},
  year={1995},
  publisher={IOP Publishing}
}

@article{adam2016planck,
  title={Planck 2015 results-VIII. High Frequency Instrument data processing: Calibration and maps},
  author={Adam, R and Ade, PAR and Aghanim, N and Arnaud, M and Ashdown, M and Aumont, J and Baccigalupi, C and Banday, AJ and Barreiro, RB and Bartolo, Nicola and others},
  journal={Astronomy \& Astrophysics},
  volume={594},
  pages={A8},
  year={2016},
  publisher={EDP sciences}
}

@inproceedings{noordam2004lofar,
  title={LOFAR calibration challenges},
  author={Noordam, Jan E},
  booktitle={Ground-based telescopes},
  volume={5489},
  pages={817--825},
  year={2004},
  organization={SPIE}
}

@article{liao2016accurate,
  title={Accurate polarization calibration at 800 MHz with the green bank telescope},
  author={Liao, Yu-Wei and Chang, Tzu-Ching and Kuo, Cheng-Yu and Masui, Kiyoshi Wesley and Oppermann, Niels and Pen, Ue-Li and Peterson, Jeffrey B},
  journal={The Astrophysical Journal},
  volume={833},
  number={2},
  pages={289},
  year={2016},
  publisher={IOP Publishing}
}

@article{berg2020calibration,
  title={Calibration and validation of the TEMPEST-D cubesat radiometer},
  author={Berg, Wesley and Brown, Shannon T and Lim, Boon H and Reising, Steven C and Goncharenko, Yuriy and Kummerow, Christian D and Gaier, Todd C and Padmanabhan, Sharmila},
  journal={IEEE Transactions on Geoscience and Remote Sensing},
  volume={59},
  number={6},
  pages={4904--4914},
  year={2020},
  publisher={IEEE}
}
@article{nyquist1928thermal,
  title={Thermal agitation of electric charge in conductors},
  author={Nyquist, Harry},
  journal={Physical review},
  volume={32},
  number={1},
  pages={110},
  year={1928},
  publisher={APS}
}
@article{price2023new,
  title={A new technique to measure noise parameters for global 21-cm experiments},
  author={Price, Danny C and Tong, Cheuk-Yu Edward and Sutinjo, Adrian T and Patra, Nipanjana and Greenhill, Lincoln J},
  journal={arXiv preprint arXiv:2305.11479},
  year={2023}
}
@article{price2022measuring,
  title={Measuring noise parameters using an open, short, load, and $\lambda$/8-length cable as source impedances},
  author={Price, Danny C and Tong, Cheuk-Yu Edward and Sutinjo, Adrian T and Greenhill, Lincoln J and Patra, Nipanjana},
  journal={IEEE Transactions on Microwave Theory and Techniques},
  volume={71},
  number={3},
  pages={1102--1111},
  year={2022},
  publisher={IEEE}
}
@article{haus1960representation,
  title={Representation of noise in linear twoports},
  author={Haus, HA and Atkinson, WR and Branch, GM and Davenport, WB and Fonger, WH and Harris, WA and Harrison, SW and McLeod, WW and Stodola, EK and Talpey, TE},
  journal={Proceedings of the IRE},
  volume={48},
  number={1},
  pages={69--74},
  year={1960},
  publisher={IEEE}
}
@article{meys1978wave,
  title={A wave approach to the noise properties of linear microwave devices},
  author={Meys, RP},
  journal={IEEE Transactions on Microwave Theory and Techniques},
  volume={26},
  number={1},
  pages={34--37},
  year={1978},
  publisher={IEEE}
}
@article{bowman2018absorption,
  title={An absorption profile centred at 78 megahertz in the sky-averaged spectrum},
  author={Bowman, Judd D and Rogers, Alan EE and Monsalve, Raul A and Mozdzen, Thomas J and Mahesh, Nivedita},
  journal={Nature},
  volume={555},
  number={7694},
  pages={67--70},
  year={2018},
  publisher={Nature Publishing Group UK London}
}
@article{rogers2012absolute,
  title={Absolute calibration of a wideband antenna and spectrometer for accurate sky noise temperature measurements},
  author={Rogers, Alan EE and Bowman, Judd D},
  journal={Radio Science},
  volume={47},
  number={06},
  pages={1--9},
  year={2012},
  publisher={AGU}
}
@article{monsalve2017calibration,
  title={Calibration of the EDGES High-band Receiver to Observe the Global 21 cm Signature from the Epoch of Reionization},
  author={Monsalve, Raul A and Rogers, Alan EE and Bowman, Judd D and Mozdzen, Thomas J},
  journal={The Astrophysical Journal},
  volume={835},
  number={1},
  pages={49},
  year={2017},
  publisher={IOP Publishing}
}
@article{roque2021bayesian,
  title={Bayesian noise wave calibration for 21-cm global experiments},
  author={Roque, ILV and Handley, WJ and Razavi-Ghods, N},
  journal={Monthly Notices of the Royal Astronomical Society},
  volume={505},
  number={2},
  pages={2638--2646},
  year={2021},
  publisher={Oxford University Press}
}
@article{ogut2019deep,
  title={A deep learning approach for microwave and millimeter-wave radiometer calibration},
  author={Ogut, Mehmet and Bosch-Lluis, Xavier and Reising, Steven C},
  journal={IEEE Transactions on Geoscience and Remote Sensing},
  volume={57},
  number={8},
  pages={5344--5355},
  year={2019},
  publisher={IEEE}
}
@article{alam2023microwave,
  title={Microwave Radiometer Calibration Using Deep Learning With Reduced Reference Information and 2-D Spectral Features},
  author={Alam, Ahmed Manavi and Kurum, Mehmet and Ogut, Mehmet and Gurbuz, Ali C},
  journal={IEEE Journal of Selected Topics in Applied Earth Observations and Remote Sensing},
  volume={17},
  pages={748--765},
  year={2023},
  publisher={IEEE}
}
@article{ogut2019deep2,
  title={Deep learning calibration of the high-frequency airborne microwave and millimeter-wave radiometer (HAMMR) instrument},
  author={Ogut, Mehmet and Bosch-Lluis, Xavier and Reising, Steven C},
  journal={IEEE Transactions on Geoscience and Remote Sensing},
  volume={58},
  number={5},
  pages={3391--3399},
  year={2019},
  publisher={IEEE}
}
@book{geron2022hands,
  title={Hands-on machine learning with Scikit-Learn, Keras, and TensorFlow},
  author={G{\'e}ron, Aur{\'e}lien},
  year={2022},
  publisher={" O'Reilly Media, Inc."}
}
@article{bergstra2015hyperopt,
  title={Hyperopt: a python library for model selection and hyperparameter optimization},
  author={Bergstra, James and Komer, Brent and Eliasmith, Chris and Yamins, Dan and Cox, David D},
  journal={Computational Science \& Discovery},
  volume={8},
  number={1},
  pages={014008},
  year={2015},
  publisher={IOP Publishing}
}
@article{watanabe2023tree,
  title={Tree-structured Parzen estimator: Understanding its algorithm components and their roles for better empirical performance},
  author={Watanabe, Shuhei},
  journal={arXiv preprint arXiv:2304.11127},
  year={2023}
}
@article{pineau2021improving,
  title={Improving reproducibility in machine learning research (a report from the neurips 2019 reproducibility program)},
  author={Pineau, Joelle and Vincent-Lamarre, Philippe and Sinha, Koustuv and Larivi{\`e}re, Vincent and Beygelzimer, Alina and d'Alch{\'e}-Buc, Florence and Fox, Emily and Larochelle, Hugo},
  journal={Journal of Machine Learning Research},
  volume={22},
  number={164},
  pages={1--20},
  year={2021}
}
@inproceedings{leeney2023uncertainty,
  title={Uncertainty in gnn learning evaluations: The importance of a consistent benchmark for community detection},
  author={Leeney, William and McConville, Ryan},
  booktitle={International Conference on Complex Networks and Their Applications},
  pages={112--123},
  year={2023},
  organization={Springer}
}
@article{pritchard201221,
  title={21 cm cosmology in the 21st century},
  author={Pritchard, Jonathan R and Loeb, Abraham},
  journal={Reports on Progress in Physics},
  volume={75},
  number={8},
  pages={086901},
  year={2012},
  publisher={IOP Publishing}
}
@article{fialkov201321,
  title={The 21-cm Signal from the cosmological epoch of recombination},
  author={Fialkov, Anastasia and Loeb, Abraham},
  journal={Journal of Cosmology and Astroparticle Physics},
  volume={2013},
  number={11},
  pages={066},
  year={2013},
  publisher={IOP Publishing}
}
@article{price2018design,
  title={Design and characterization of the Large-aperture Experiment to Detect the Dark Age (LEDA) radiometer systems},
  author={Price, DC and Greenhill, LJ and Fialkov, Anastasia and Bernardi, GIANNI and Garsden, H and Barsdell, BR and Kocz, J and Anderson, MM and Bourke, SA and Craig, J and others},
  journal={Monthly Notices of the Royal Astronomical Society},
  volume={478},
  number={3},
  pages={4193--4213},
  year={2018},
  publisher={Oxford University Press}
}
@article{singh2018saras,
  title={SARAS 2 Constraints on Global 21 cm Signals from the Epoch of Reionization},
  author={Singh, Saurabh and Subrahmanyan, Ravi and Shankar, N Udaya and Rao, Mayuri Sathyanarayana and Fialkov, Anastasia and Cohen, Aviad and Barkana, Rennan and Girish, BS and Raghunathan, A and Somashekar, R and others},
  journal={The Astrophysical Journal},
  volume={858},
  number={1},
  pages={54},
  year={2018},
  publisher={IOP Publishing}
}
@article{bevins2022comprehensive,
  title={A comprehensive Bayesian reanalysis of the SARAS2 data from the epoch of reionization},
  author={Bevins, HTJ and de Lera Acedo, E and Fialkov, A and Handley, WJ and Singh, S and Subrahmanyan, R and Barkana, R},
  journal={Monthly Notices of the Royal Astronomical Society},
  volume={513},
  number={3},
  pages={4507--4526},
  year={2022},
  publisher={Oxford University Press}
}
@article{bevins2022astrophysical,
  title={Astrophysical constraints from the SARAS 3 non-detection of the cosmic dawn sky-averaged 21-cm signal},
  author={Bevins, HTJ and Fialkov, A and de Lera Acedo, E and Handley, WJ and Singh, S and Subrahmanyan, R and Barkana, R},
  journal={Nature Astronomy},
  volume={6},
  number={12},
  pages={1473--1483},
  year={2022},
  publisher={Nature Publishing Group UK London}
}
@article{bevins2022astrophysical,
  title={Astrophysical constraints from the SARAS 3 non-detection of the cosmic dawn sky-averaged 21-cm signal},
  author={Bevins, HTJ and Fialkov, A and de Lera Acedo, E and Handley, WJ and Singh, S and Subrahmanyan, R and Barkana, R},
  journal={Nature Astronomy},
  volume={6},
  number={12},
  pages={1473--1483},
  year={2022},
  publisher={Nature Publishing Group UK London}
}
@article{subrahmanyan2021saras,
  title={SARAS 3 CD/EoR radiometer: design and performance of the receiver},
  author={Subrahmanyan, Ravi and Somashekar, R and Shankar, N Udaya and Singh, Saurabh and Raghunathan, A and Girish, BS and Srivani, KS and Rao, Mayuri Sathyanarayana},
  journal={Experimental Astronomy},
  volume={51},
  pages={193--234},
  year={2021},
  publisher={Springer}
}
@article{bevins2024joint,
  title={Joint analysis constraints on the physics of the first galaxies with low-frequency radio astronomy data},
  author={Bevins, Harry TJ and Heimersheim, Stefan and Abril-Cabezas, Irene and Fialkov, Anastasia and de Lera Acedo, Eloy and Handley, William and Singh, Saurabh and Barkana, Rennan},
  journal={Monthly Notices of the Royal Astronomical Society},
  volume={527},
  number={1},
  pages={813--827},
  year={2024},
  publisher={Oxford University Press}
}
@article{singh2022detection,
  title={On the detection of a cosmic dawn signal in the radio background},
  author={Singh, Saurabh and Nambissan T, Jishnu and Subrahmanyan, Ravi and Udaya Shankar, N and Girish, BS and Raghunathan, A and Somashekar, R and Srivani, KS and Sathyanarayana Rao, Mayuri},
  journal={Nature Astronomy},
  volume={6},
  number={5},
  pages={607--617},
  year={2022},
  publisher={Nature Publishing Group UK London}
}
@article{bowman2018absorption,
  title={An absorption profile centred at 78 megahertz in the sky-averaged spectrum},
  author={Bowman, Judd D and Rogers, Alan EE and Monsalve, Raul A and Mozdzen, Thomas J and Mahesh, Nivedita},
  journal={Nature},
  volume={555},
  number={7694},
  pages={67--70},
  year={2018},
  publisher={Nature Publishing Group UK London}
}
@article{singh2018saras2,
  title={SARAS 2: a spectral radiometer for probing cosmic dawn and the epoch of reionization through detection of the global 21-cm signal},
  author={Singh, Saurabh and Subrahmanyan, Ravi and Shankar, N Udaya and Rao, Mayuri Sathyanarayana and Girish, BS and Raghunathan, A and Somashekar, R and Srivani, KS},
  journal={Experimental Astronomy},
  volume={45},
  pages={269--314},
  year={2018},
  publisher={Springer}
}
@article{cumner2022radio,
  title={Radio antenna design for sky-averaged 21 cm cosmology experiments: the REACH case},
  author={Cumner, John and de Lera Acedo, Eloy and de Villiers, Dirk IL and Anstey, Dominic and Kolitsidas, Christos I and Gurdon, B and Fagnoni, Nicolas and Alexander, Paul and Bernardi, Gianni and Bevins, Harry TJ and others},
  journal={Journal of Astronomical Instrumentation},
  volume={11},
  number={01},
  pages={2250001},
  year={2022},
  publisher={World Scientific}
}
@inproceedings{de2019reach,
  title={Reach: Radio experiment for the analysis of cosmic hydrogen},
  author={de Lera Acedo, Eloy},
  booktitle={2019 International Conference on Electromagnetics in Advanced Applications (ICEAA)},
  pages={0626--0629},
  year={2019},
  organization={IEEE}
}
@article{anstey2021general,
  title={A general Bayesian framework for foreground modelling and chromaticity correction for global 21 cm experiments},
  author={Anstey, Dominic and de Lera Acedo, Eloy and Handley, Will},
  journal={Monthly Notices of the Royal Astronomical Society},
  volume={506},
  number={2},
  pages={2041--2058},
  year={2021},
  publisher={Oxford University Press}
}
@article{leeney2023bayesian,
  title={Bayesian approach to radio frequency interference mitigation},
  author={Leeney, SAK and Handley, WJ and de Lera Acedo, E},
  journal={Physical Review D},
  volume={108},
  number={6},
  pages={062006},
  year={2023},
  publisher={APS}
}
@article{anstey2023enhanced,
  title={Enhanced Bayesian RFI Mitigation and Transient Flagging Using Likelihood Reweighting},
  author={Anstey, Dominic and Leeney, Samuel AK},
  journal={arXiv preprint arXiv:2310.02146},
  year={2023}
}
@article{pattison2024modelling,
  title={Modelling a hot horizon in global 21-cm experimental foregrounds},
  author={Pattison, Joe HN and Anstey, Dominic J and de Lera Acedo, Eloy},
  journal={Monthly Notices of the Royal Astronomical Society},
  volume={527},
  number={2},
  pages={2413--2425},
  year={2024},
  publisher={Oxford University Press}
}
@article{kirkham2024bayesian,
  title={A Bayesian method to mitigate the effects of unmodelled time-varying systematics for 21-cm cosmology experiments},
  author={Kirkham, Christian J and Anstey, Dominic J and de Lera Acedo, Eloy},
  journal={Monthly Notices of the Royal Astronomical Society},
  volume={527},
  number={3},
  pages={8305--8315},
  year={2024},
  publisher={Oxford University Press}
}
@article{shen2022bayesian,
  title={Bayesian data analysis for sky-averaged 21-cm experiments in the presence of ionospheric effects},
  author={Shen, Emma and Anstey, Dominic and de Lera Acedo, Eloy and Fialkov, Anastasia},
  journal={Monthly Notices of the Royal Astronomical Society},
  volume={515},
  number={3},
  pages={4565--4573},
  year={2022},
  publisher={Oxford University Press}
}
@article{anstey2022informing,
  title={Informing antenna design for sky-averaged 21-cm experiments using a simulated Bayesian data analysis pipeline},
  author={Anstey, Dominic and Cumner, John and de Lera Acedo, Eloy and Handley, Will},
  journal={Monthly Notices of the Royal Astronomical Society},
  volume={509},
  number={4},
  pages={4679--4693},
  year={2022},
  publisher={Oxford University Press}
}
@article{burns2021global,
  title={Global 21-cm cosmology from the farside of the Moon},
  author={Burns, Jack and Bale, Stuart and Bradley, Richard and Ahmed, Z and Allen, SW and Bowman, J and Furlanetto, S and MacDowall, R and Mirocha, J and Nhan, B and others},
  journal={arXiv preprint arXiv:2103.05085},
  year={2021}
}
@article{razavi2023receiver,
  title={Receiver design for the REACH global 21-cm signal experiment},
  author={Razavi-Ghods, Nima and Roque, Ian LV and Carey, Steven H and Ely, John A and Handley, Will and Magro, Alessio and Chiello, Riccardo and Huang, Tian and Alexander, P and Anstey, D and others},
  journal={arXiv preprint arXiv:2307.00099},
  year={2023}
}
