@article{offringa2012morphological,
  title={A morphological algorithm for improving radio-frequency interference detection},
  author={Offringa, AR and Van De Gronde, JJ and Roerdink, JBTM},
  journal={Astronomy \& astrophysics},
  volume={539},
  pages={A95},
  year={2012},
  publisher={EDP Sciences}
}

@article{baan2004radio,
  title={Radio frequency interference mitigation at the westerbork synthesis radio telescope: Algorithms, test observations, and system implementation},
  author={Baan, WA and Fridman, PA and Millenaar, RP},
  journal={The Astronomical Journal},
  volume={128},
  number={2},
  pages={933},
  year={2004},
  publisher={IOP Publishing}
}

@article{sun2022robust,
  title={A robust RFI identification for radio interferometry based on a convolutional neural network},
  author={Sun, Haomin and Deng, Hui and Wang, Feng and Mei, Ying and Xu, Tingting and Smirnov, Oleg and Deng, Linhua and Wei, Shoulin},
  journal={Monthly Notices of the Royal Astronomical Society},
  volume={512},
  number={2},
  pages={2025--2033},
  year={2022},
  publisher={Oxford University Press}
}